@article{Reference0,
  title={Evaluation of musical instruments from the musician’s perspective},
  author={Schmid, Gian-Marco},
  year={2015}
}

@inproceedings{Reference1,
  title={Understanding tablet use: a multi-method exploration},
  author={M{\"u}ller, Hendrik and Gove, Jennifer and Webb, John},
  booktitle={Proceedings of the 14th international conference on Human-computer interaction with mobile devices and services},
  pages={1--10},
  year={2012},
  organization={ACM}
}


@article{Reference2,
	title={Ipads in higher education—hype and hope},
	author={Nguyen, Lemai and Barton, Siew Mee and Nguyen, Linh Thuy},
	journal={British Journal of Educational Technology},
	volume={46},
	number={1},
	pages={190--203},
	year={2015},
	publisher={Wiley Online Library}
}

@misc{lifewire,
	author = "Daniel Nations",
	title = "How Many iPad Apps Are in the App Store?",
	year = "2017",
	url = "https://www.lifewire.com/how-many-ipad-apps-in-app-store-1994320",
	note = "[Online; accessed 10-May-2017]"
}

@article{Reference3,
	Abstract = {We present a review of the use of diode lasers in atomic physics with an extensive list of references. We discuss the relevant characteristics of diode lasers and explain how to purchase and use them. We also review the various techniques that have been used to control and narrow the spectral outputs of diode lasers. Finally we present a number of examples illustrating the use of diode lasers in atomic physics experiments. Review of Scientific Instruments is copyrighted by The American Institute of Physics.},
	Author = {Carl E. Wieman and Leo Hollberg},
	Journal = {Review of Scientific Instruments},
	Keywords = {Diode Laser},
	Month = {January},
	Number = {1},
	Numpages = {20},
	Pages = {1--20},
	Title = {Using Diode Lasers for Atomic Physics},
	Volume = {62},
	Url = {http://link.aip.org/link/?RSI/62/1/1},
	Year = {1991}}

@inproceedings{Reference4,
  title={Musical interaction patterns: communicating computer music knowledge in a multidisciplinary project},
  author={Flores, Luciano and Miletto, Evandro and Pimenta, Marcelo and Miranda, Eduardo and Keller, Dami{\'a}n},
  booktitle={Proceedings of the 28th ACM International Conference on Design of Communication},
  pages={199--206},
  year={2010},
  organization={ACM}
}

@inproceedings{Reference5,
  title={Mobile music making},
  author={Tanaka, Atau},
  booktitle={Proceedings of the 2004 conference on New interfaces for musical expression},
  pages={154--156},
  year={2004},
  organization={National University of Singapore}
}

@inproceedings{Reference6,
  title={Mobile music technology: Report on an emerging community},
  author={Gaye, Lalya and Holmquist, Lars Erik and Behrendt, Frauke and Tanaka, Atau},
  booktitle={Proceedings of the 2006 conference on New interfaces for musical expression},
  pages={22--25},
  year={2006},
  organization={IRCAM—Centre Pompidou}
}

@inproceedings{Reference7,
  title={TunA: A mobile music experience to foster local interactions},
  author={Bassoli, Arianna and Cullinan, Cian and Moore, Julian and Agamanolis, Stefan}
}

@inproceedings{Reference8,
  title={Designing smule’s iphone ocarina},
  author={Wang, Ge},
  booktitle={Proceedings of the International Conference on New Interfaces for Musical Expression},
  pages={303--307},
  year={2009}
}

@article{Reference8.1,
  title={Ocarina: Designing the iPhone's magic flute},
  author={Wang, Ge},
  journal={Computer Music Journal},
  volume={38},
  number={2},
  pages={8--21},
  year={2014},
  publisher={MITP}
}

@inproceedings{Reference8.2,
  title={MoMu: A Mobile Music Toolkit.},
  author={Bryan, Nicholas J and Herrera, Jorge and Oh, Jieun and Wang, Ge},
  booktitle={NIME},
  pages={174--177},
  year={2010}
}

@inproceedings{Reference8.3,
  title={MadPad: A Crowdsourcing System for Audiovisual Sampling.},
  author={Kruge, Nick and Wang, Ge},
  booktitle={NIME},
  pages={185--190},
  year={2011}
}

@inproceedings{Reference8.4,
  title={Designing for the iPad: Magic Fiddle.},
  author={Wang, Ge and Oh, Jieun and Lieber, Tom},
  booktitle={NIME},
  pages={197--202},
  year={2011}
}

@inproceedings{Reference9,
  title={PDa: Real Time Signal Processing and Sound Generation on Handheld Devices.},
  author={Geiger, G{\"u}nter},
  booktitle={ICMC},
  year={2003}
}

@inproceedings{Reference10,
  title={Using the touch screen as a controller for portable computer music instruments},
  author={Geiger, G{\"u}nter},
  booktitle={Proceedings of the 2006 conference on New interfaces for musical expression},
  pages={61--64},
  year={2006},
  organization={IRCAM—Centre Pompidou}
}

@inproceedings{Reference11,
  title={Mogmi: Mobile gesture music instrument},
  author={Dekel, Amnon and Dekel, Gilly},
  booktitle={5TH INTERNATIONAL MOBILE MUSIC WORKSHOP 2008 13-15 MAy 2008, VIENNA, AUSTRIA},
  pages={6},
  year={2008}
}

@inproceedings{Reference12,
  title={Updating the Classifications of Mobile Music Projects.},
  author={John, David},
  booktitle={NIME},
  pages={301--306},
  year={2013}
}

@inproceedings{Reference13,
  title={A quantitative review of mappings in musical iOS applications},
  author={Kell, Thor and Wanderley, Marcelo M},
  booktitle={International Conference on Sound and Music Computing (SMC2013). http://tide-pool. ca/papers/Thor\% 20Kell},
  year={2013}
}

@inproceedings{Reference14,
  title={A High-Level Review of Mappings in Musical iOS Applications.},
  author={Kell, Thor and Wanderley, Marcelo M},
  booktitle={ICMC},
  year={2014}
}

@misc{Reference15,
  author = "NIME",
  title = {NIME: The International Conference on New Interfaces for Musical Expression},
  url = "http://www.nime.org",
  year = "2012",
  note = {[Online;Accessed: 2017-05-11]}
}

@article{Reference16,
  title={Evaluation of input devices for musical expression: Borrowing tools from hci},
  author={Wanderley, Marcelo Mortensen and Orio, Nicola},
  journal={Computer Music Journal},
  volume={26},
  number={3},
  pages={62--76},
  year={2002},
  publisher={MIT Press}
}

@article{Reference17,
  title={Tangible user interfaces: past, present, and future directions},
  author={Shaer, Orit and Hornecker, Eva},
  journal={Foundations and Trends in Human-Computer Interaction},
  volume={3},
  number={1--2},
  pages={1--137},
  year={2010},
  publisher={Now Publishers Inc.}
}

@inproceedings{Reference18,
  title={reacTIVision: a computer-vision framework for table-based tangible interaction},
  author={Kaltenbrunner, Martin and Bencina, Ross},
  booktitle={Proceedings of the 1st international conference on Tangible and embedded interaction},
  pages={69--74},
  year={2007},
  organization={ACM}
}

@inproceedings{Reference19,
  title={Exploring percussive gesture on iPads with Ensemble Metatone},
  author={Martin, Charles and Gardner, Henry and Swift, Ben},
  booktitle={Proceedings of the 32nd annual ACM conference on Human factors in computing systems},
  pages={1025--1028},
  year={2014},
  organization={ACM}
}

@inproceedings{Reference20,
  title={Block jam: a tangible interface for interactive music},
  author={Newton-Dunn, Henry and Nakano, Hiroaki and Gibson, James},
  booktitle={Proceedings of the 2003 conference on New interfaces for musical expression},
  pages={170--177},
  year={2003},
  organization={National University of Singapore}
}

@article{Reference21,
  title={Evaluation of live human--computer music-making: Quantitative and qualitative approaches},
  author={Stowell, Dan and Robertson, Andrew and Bryan-Kinns, Nick and Plumbley, Mark D},
  journal={International Journal of Human-Computer Studies},
  volume={67},
  number={11},
  pages={960--975},
  year={2009},
  publisher={Elsevier}
}
